<?xml version="1.0" encoding="UTF-8"?><collection xmlns="http://www.loc.gov/MARC21/slim"><record><leader>00470nam--2200169-i-4500</leader><controlfield tag="001">000039687</controlfield><controlfield tag="002">20161230</controlfield><controlfield tag="005">20161230201042</controlfield><controlfield tag="008">060222s1000------------r-----000-0-eng-d</controlfield><datafield ind1=" " ind2=" " tag="040"><subfield code="a">IFIN-HH</subfield></datafield><datafield ind1=" " ind2=" " tag="080"><subfield code="a">53.081</subfield></datafield><datafield ind1="1" ind2=" " tag="100"><subfield code="a">Rossini, Frederick D</subfield></datafield><datafield ind1="1" ind2="0" tag="245"><subfield code="a">Fundamental measures and constants for science and technology</subfield><subfield code="c">Frederick d. rossini</subfield></datafield><datafield ind1=" " ind2=" " tag="260"><subfield code="a">Cleveland</subfield><subfield code="b">Crc Press, Inc</subfield><subfield code="c">1974</subfield></datafield><datafield ind1=" " ind2=" " tag="300"><subfield code="a">132P</subfield></datafield><datafield ind1=" " ind2=" " tag="852"><subfield code="a">43518</subfield><subfield code="c">53.081</subfield></datafield><datafield ind1=" " ind2=" " tag="CAT"><subfield code="a">Sys</subfield><subfield code="c">20160330</subfield><subfield code="h">153511</subfield></datafield></record></collection>